<?xml version="1.0" encoding="UTF-8"?>
<record>
  <leader>-----nas--2200577-i-4500</leader>
  <controlfield tag="001">99370678063606441</controlfield>
  <controlfield tag="005">20230322213019.0</controlfield>
  <controlfield tag="006">m-----o--d--------</controlfield>
  <controlfield tag="007">cr-un|||||||||</controlfield>
  <controlfield tag="008">050614c19819999gw-qr-pso-o---0---b0ger--</controlfield>
  <datafield tag="010" ind1=" " ind2=" ">
    <subfield code="a">  2016204005</subfield>
  </datafield>
  <datafield tag="016" ind1="7" ind2=" ">
    <subfield code="a">2598795 1</subfield>
    <subfield code="2">DE-600</subfield>
  </datafield>
  <datafield tag="022" ind1=" " ind2=" ">
    <subfield code="a">2191-4664</subfield>
  </datafield>
  <datafield tag="035" ind1=" " ind2=" ">
    <subfield code="a">(DE-599)ZDB2598795 1</subfield>
  </datafield>
  <datafield tag="035" ind1=" " ind2=" ">
    <subfield code="a">(OCoLC)60625631</subfield>
  </datafield>
  <datafield tag="035" ind1=" " ind2=" ">
    <subfield code="a">(CKB)958480268910</subfield>
  </datafield>
  <datafield tag="035" ind1=" " ind2=" ">
    <subfield code="a">(CONSER)--2016204005</subfield>
  </datafield>
  <datafield tag="035" ind1=" " ind2=" ">
    <subfield code="a">(EXLCZ)99958480268910</subfield>
  </datafield>
  <datafield tag="041" ind1="0" ind2=" ">
    <subfield code="a">ger</subfield>
    <subfield code="b">eng</subfield>
  </datafield>
  <datafield tag="042" ind1=" " ind2=" ">
    <subfield code="a">pcc</subfield>
  </datafield>
  <datafield tag="050" ind1="0" ind2="0">
    <subfield code="a">Z678.9.A1</subfield>
  </datafield>
  <datafield tag="050" ind1="1" ind2="4">
    <subfield code="a">Z678.9.A1</subfield>
    <subfield code="b">A22</subfield>
  </datafield>
  <datafield tag="082" ind1="0" ind2="4">
    <subfield code="a">025.3/028/54</subfield>
    <subfield code="2">19</subfield>
  </datafield>
  <datafield tag="210" ind1=" " ind2=" ">
    <subfield code="a">ABI TECHNIK ZEITSCHRIFT FUER AUTOMATION BAU UND TECHNIK IM ARCHIV BIBLIOTHEK</subfield>
  </datafield>
  <datafield tag="222" ind1=" " ind2="0">
    <subfield code="a">ABI-Technik</subfield>
    <subfield code="b">(Internet)</subfield>
  </datafield>
  <datafield tag="245" ind1="0" ind2="0">
    <subfield code="a">ABI-Technik.</subfield>
  </datafield>
  <datafield tag="246" ind1="1" ind2=" ">
    <subfield code="a">A.B.I.-Technik</subfield>
  </datafield>
  <datafield tag="264" ind1=" " ind2="1">
    <subfield code="a">Berlin, Germany :</subfield>
    <subfield code="b">De Gruyter</subfield>
  </datafield>
  <datafield tag="300" ind1=" " ind2=" ">
    <subfield code="a">1 online resource</subfield>
  </datafield>
  <datafield tag="310" ind1=" " ind2=" ">
    <subfield code="a">Quarterly</subfield>
  </datafield>
  <datafield tag="336" ind1=" " ind2=" ">
    <subfield code="a">text</subfield>
    <subfield code="b">txt</subfield>
    <subfield code="2">rdacontent</subfield>
  </datafield>
  <datafield tag="337" ind1=" " ind2=" ">
    <subfield code="a">computer</subfield>
    <subfield code="b">c</subfield>
    <subfield code="2">rdamedia</subfield>
  </datafield>
  <datafield tag="338" ind1=" " ind2=" ">
    <subfield code="a">online resource</subfield>
    <subfield code="b">cr</subfield>
    <subfield code="2">rdacarrier</subfield>
  </datafield>
  <datafield tag="362" ind1="1" ind2=" ">
    <subfield code="a">Began in 1981.</subfield>
  </datafield>
  <datafield tag="500" ind1=" " ind2=" ">
    <subfield code="a">Title varies slightly.</subfield>
  </datafield>
  <datafield tag="500" ind1=" " ind2=" ">
    <subfield code="a">Print version published: Wiesbaden, Germany : K. Holz, 1981- ; München : Verlag Neuer Merkur, &lt;1998-2000&gt;; Berlin : Walter de Gruyter, -2011; Berlin, Germany : De Gruyter Saur, 2012-</subfield>
  </datafield>
  <datafield tag="538" ind1=" " ind2=" ">
    <subfield code="a">Mode of access: World Wide Web.</subfield>
  </datafield>
  <datafield tag="546" ind1=" " ind2=" ">
    <subfield code="a">Text in German, with titles and summaries in English and German.</subfield>
  </datafield>
  <datafield tag="588" ind1="0" ind2=" ">
    <subfield code="a">16, Nr. 1 (1996); title from PDF issue contents page (De Gruyter Online, viewed February 23, 2016).</subfield>
  </datafield>
  <datafield tag="588" ind1="1" ind2=" ">
    <subfield code="a">Vol. 42, no. 3 (2022) (De Gruyter Online, viewed October 7, 2022).</subfield>
  </datafield>
  <datafield tag="650" ind1=" " ind2="0">
    <subfield code="a">Libraries</subfield>
    <subfield code="x">Automation</subfield>
    <subfield code="v">Periodicals.</subfield>
  </datafield>
  <datafield tag="650" ind1=" " ind2="0">
    <subfield code="a">Information science</subfield>
    <subfield code="v">Periodicals.</subfield>
  </datafield>
  <datafield tag="650" ind1=" " ind2="0">
    <subfield code="a">Library buildings</subfield>
    <subfield code="v">Periodicals.</subfield>
  </datafield>
  <datafield tag="650" ind1=" " ind2="0">
    <subfield code="a">Information technology</subfield>
    <subfield code="v">Periodicals.</subfield>
  </datafield>
  <datafield tag="650" ind1=" " ind2="7">
    <subfield code="a">Information technology</subfield>
    <subfield code="2">fast</subfield>
    <subfield code="0">(OCoLC)fst00973089</subfield>
  </datafield>
  <datafield tag="650" ind1=" " ind2="7">
    <subfield code="a">Information science.</subfield>
    <subfield code="2">fast</subfield>
    <subfield code="0">(OCoLC)fst00972640</subfield>
  </datafield>
  <datafield tag="650" ind1=" " ind2="7">
    <subfield code="a">Libraries</subfield>
    <subfield code="x">Automation.</subfield>
    <subfield code="2">fast</subfield>
    <subfield code="0">(OCoLC)fst00997347</subfield>
  </datafield>
  <datafield tag="650" ind1=" " ind2="7">
    <subfield code="a">Library buildings.</subfield>
    <subfield code="2">fast</subfield>
    <subfield code="0">(OCoLC)fst00997647</subfield>
  </datafield>
  <datafield tag="655" ind1=" " ind2="7">
    <subfield code="a">Periodicals.</subfield>
    <subfield code="2">fast</subfield>
    <subfield code="0">(OCoLC)fst01411641</subfield>
  </datafield>
  <datafield tag="655" ind1=" " ind2="7">
    <subfield code="a">Periodicals.</subfield>
    <subfield code="2">lcgft</subfield>
  </datafield>
  <datafield tag="776" ind1=" " ind2=" ">
    <subfield code="x">0720-6763</subfield>
  </datafield>
  <datafield tag="906" ind1=" " ind2=" ">
    <subfield code="a">JOURNAL</subfield>
  </datafield>
  <datafield tag="MBD" ind1=" " ind2=" ">
    <subfield code="M">49HBZ_NETWORK</subfield>
    <subfield code="i">99370678063606441</subfield>
    <subfield code="n">HBZ Network</subfield>
  </datafield>
  <datafield tag="MBD" ind1=" " ind2=" ">
    <subfield code="M">49HBZ_WUP</subfield>
    <subfield code="i">9915971105106447</subfield>
    <subfield code="n">Bergische Universität Wuppertal</subfield>
  </datafield>
  <datafield tag="MBD" ind1=" " ind2=" ">
    <subfield code="M">49HBZ_RHW</subfield>
    <subfield code="i">991002750769406479</subfield>
    <subfield code="n">Hochschule Rhein-Waal</subfield>
  </datafield>
  <datafield tag="MBD" ind1=" " ind2=" ">
    <subfield code="M">49HBZ_EVH</subfield>
    <subfield code="i">991001317956106483</subfield>
    <subfield code="n">Hochschule Rheinland-Westfalen-Lippe</subfield>
  </datafield>
  <datafield tag="MBD" ind1=" " ind2=" ">
    <subfield code="M">49HBZ_RUW</subfield>
    <subfield code="i">991004112696706453</subfield>
    <subfield code="n">Hochschule Ruhr West</subfield>
  </datafield>
  <datafield tag="MBD" ind1=" " ind2=" ">
    <subfield code="M">49HBZ_HGB</subfield>
    <subfield code="i">991000893367206481</subfield>
    <subfield code="n">Hochschule fur Gesundheit</subfield>
  </datafield>
  <datafield tag="MBD" ind1=" " ind2=" ">
    <subfield code="M">49HBZ_THK</subfield>
    <subfield code="i">991008476427206477</subfield>
    <subfield code="n">Technische Hochschule Köln (TH Köln)</subfield>
  </datafield>
  <datafield tag="MBD" ind1=" " ind2=" ">
    <subfield code="M">49HBZ_SIE</subfield>
    <subfield code="i">99204507541206462</subfield>
    <subfield code="n">Universität Siegen</subfield>
  </datafield>
  <datafield tag="MBD" ind1=" " ind2=" ">
    <subfield code="M">49HBZ_WHS</subfield>
    <subfield code="i">991006477834606456</subfield>
    <subfield code="n">Westfälische Hochschule</subfield>
  </datafield>
  <datafield tag="MBD" ind1=" " ind2=" ">
    <subfield code="M">49HBZ_FHM</subfield>
    <subfield code="i">991006386478506485</subfield>
    <subfield code="n">FH / KA Münster</subfield>
  </datafield>
  <datafield tag="MBD" ind1=" " ind2=" ">
    <subfield code="M">49HBZ_FUH</subfield>
    <subfield code="i">99381829355006464</subfield>
    <subfield code="n">Fernuniversität Hagen</subfield>
  </datafield>
  <datafield tag="MBD" ind1=" " ind2=" ">
    <subfield code="M">49HBZ_FHA</subfield>
    <subfield code="i">991005821828906444</subfield>
    <subfield code="n">Hochschulbibliothek der FH Aachen</subfield>
  </datafield>
  <datafield tag="MBD" ind1=" " ind2=" ">
    <subfield code="M">49HBZ_HBI</subfield>
    <subfield code="i">991005482849106450</subfield>
    <subfield code="n">Hochschule Bielefeld</subfield>
  </datafield>
  <datafield tag="MBD" ind1=" " ind2=" ">
    <subfield code="M">49HBZ_HBO</subfield>
    <subfield code="i">991000410720206454</subfield>
    <subfield code="n">Hochschule Bochum</subfield>
  </datafield>
  <datafield tag="MBD" ind1=" " ind2=" ">
    <subfield code="M">49HBZ_HSD</subfield>
    <subfield code="i">991005617479506455</subfield>
    <subfield code="n">Hochschule Duesseldorf</subfield>
  </datafield>
  <datafield tag="MBD" ind1=" " ind2=" ">
    <subfield code="M">49HBZ_HSN</subfield>
    <subfield code="i">991008986786508056</subfield>
    <subfield code="n">Hochschule Niederrhein</subfield>
  </datafield>
  <datafield tag="MBD" ind1=" " ind2=" ">
    <subfield code="M">49HBZ_OWL</subfield>
    <subfield code="i">991004336005906468</subfield>
    <subfield code="n">Hochschule Ostwestfalen-Lippe</subfield>
  </datafield>
  <datafield tag="MNG" ind1=" " ind2=" ">
    <subfield code="c">system</subfield>
    <subfield code="f">CKB</subfield>
    <subfield code="i">marc21</subfield>
    <subfield code="e">false</subfield>
    <subfield code="d">2023-04-15 01:39:39 Europe/Berlin</subfield>
    <subfield code="g">99958480268910</subfield>
    <subfield code="a">CKB</subfield>
    <subfield code="b">2021-04-15 20:50:31 Europe/Berlin</subfield>
  </datafield>
  <datafield tag="POR" ind1=" " ind2=" ">
    <subfield code="j">Walter De Gruyter Publishing</subfield>
    <subfield code="x">System</subfield>
    <subfield code="a">53158240510006447</subfield>
    <subfield code="M">49HBZ_WUP</subfield>
    <subfield code="p">61156593810006447</subfield>
    <subfield code="q">EZB-NALIG-00476 Walter de Gruyter Online-Zeitschriften Archiv NL</subfield>
    <subfield code="c">param</subfield>
    <subfield code="o">613790000000000573</subfield>
    <subfield code="y">2022-07-11 00:26:19 Europe/Berlin</subfield>
    <subfield code="w">2021-04-11 18:51:22 Europe/Berlin</subfield>
    <subfield code="D">https://eu04.alma.exlibrisgroup.com/view/uresolver/49HBZ_NETWORK/openurl?u.ignore_date_coverage=true&amp;portfolio_pid=53158240510006447&amp;Force_direct=true</subfield>
    <subfield code="v">NON_SFX_CREATOR</subfield>
    <subfield code="z">2021-04-11 16:51:22</subfield>
    <subfield code="n"> Available from 1996 volume: 16.</subfield>
    <subfield code="i">false</subfield>
    <subfield code="S">62156593800006447</subfield>
    <subfield code="d">https://hbz-network.userservices.exlibrisgroup.com/view/uresolver/49HBZ_NETWORK/openurl?u.ignore_date_coverage=true&amp;rft.mms_id=9915971105106447</subfield>
    <subfield code="b">Available</subfield>
    <subfield code="f">JOURNAL</subfield>
    <subfield code="8">53158240510006447</subfield>
  </datafield>
  <datafield tag="POC" ind1=" " ind2=" ">
    <subfield code="a">53158240510006447</subfield>
    <subfield code="b">1996</subfield>
    <subfield code="d">1</subfield>
    <subfield code="f">1</subfield>
    <subfield code="h">16</subfield>
  </datafield>
  <datafield tag="POR" ind1=" " ind2=" ">
    <subfield code="j">Walter De Gruyter Publishing</subfield>
    <subfield code="x">System</subfield>
    <subfield code="a">53157563970006447</subfield>
    <subfield code="M">49HBZ_WUP</subfield>
    <subfield code="p">61156594530006447</subfield>
    <subfield code="q">EZB-NALFK-00448 Walter de Gruyter Online-Zeitschriften LLH1 AL</subfield>
    <subfield code="c">param</subfield>
    <subfield code="o">613790000000000582</subfield>
    <subfield code="y">2021-04-11 18:48:55 Europe/Berlin</subfield>
    <subfield code="w">2021-04-11 18:48:51 Europe/Berlin</subfield>
    <subfield code="D">https://eu04.alma.exlibrisgroup.com/view/uresolver/49HBZ_NETWORK/openurl?u.ignore_date_coverage=true&amp;portfolio_pid=53157563970006447&amp;Force_direct=true</subfield>
    <subfield code="v">NON_SFX_CREATOR</subfield>
    <subfield code="z">2021-04-11 16:48:51</subfield>
    <subfield code="n"> Available from 1996 volume: 16.</subfield>
    <subfield code="i">false</subfield>
    <subfield code="S">62156594520006447</subfield>
    <subfield code="d">https://hbz-network.userservices.exlibrisgroup.com/view/uresolver/49HBZ_NETWORK/openurl?u.ignore_date_coverage=true&amp;rft.mms_id=9915971105106447</subfield>
    <subfield code="b">Available</subfield>
    <subfield code="f">JOURNAL</subfield>
    <subfield code="8">53157563970006447</subfield>
  </datafield>
  <datafield tag="POC" ind1=" " ind2=" ">
    <subfield code="a">53157563970006447</subfield>
    <subfield code="b">1996</subfield>
    <subfield code="d">1</subfield>
    <subfield code="f">1</subfield>
    <subfield code="h">16</subfield>
  </datafield>
  <datafield tag="POR" ind1=" " ind2=" ">
    <subfield code="j">Walter De Gruyter Publishing</subfield>
    <subfield code="x">System</subfield>
    <subfield code="a">5336193550006485</subfield>
    <subfield code="h">fhms-ez</subfield>
    <subfield code="M">49HBZ_FHM</subfield>
    <subfield code="p">6135703340006485</subfield>
    <subfield code="q">EZB-NALIG-00476 Walter de Gruyter Online-Zeitschriften Archiv NL</subfield>
    <subfield code="c">param</subfield>
    <subfield code="o">613790000000000573</subfield>
    <subfield code="y">2022-07-13 13:06:38 Europe/Berlin</subfield>
    <subfield code="w">2022-06-27 13:55:02 Europe/Berlin</subfield>
    <subfield code="D">https://eu04.alma.exlibrisgroup.com/view/uresolver/49HBZ_NETWORK/openurl?u.ignore_date_coverage=true&amp;portfolio_pid=5336193550006485&amp;Force_direct=true</subfield>
    <subfield code="v">NON_SFX_CREATOR</subfield>
    <subfield code="z">2022-06-27 11:55:02</subfield>
    <subfield code="n"> Available from 1996 volume: 16.</subfield>
    <subfield code="i">true</subfield>
    <subfield code="S">6235703330006485</subfield>
    <subfield code="d">https://hbz-network.userservices.exlibrisgroup.com/view/uresolver/49HBZ_NETWORK/openurl?u.ignore_date_coverage=true&amp;rft.mms_id=991006386478506485</subfield>
    <subfield code="b">Available</subfield>
    <subfield code="f">JOURNAL</subfield>
    <subfield code="8">5336193550006485</subfield>
  </datafield>
  <datafield tag="POC" ind1=" " ind2=" ">
    <subfield code="a">5336193550006485</subfield>
    <subfield code="b">1996</subfield>
    <subfield code="d">1</subfield>
    <subfield code="f">1</subfield>
    <subfield code="h">16</subfield>
  </datafield>
  <datafield tag="POR" ind1=" " ind2=" ">
    <subfield code="j">Walter De Gruyter Publishing</subfield>
    <subfield code="x">System</subfield>
    <subfield code="a">53137417580006464</subfield>
    <subfield code="h">EZProxy</subfield>
    <subfield code="M">49HBZ_FUH</subfield>
    <subfield code="p">61136605050006464</subfield>
    <subfield code="q">EZB-NALIG-00476 Walter de Gruyter Online-Zeitschriften Archiv NL</subfield>
    <subfield code="c">param</subfield>
    <subfield code="o">613790000000000573</subfield>
    <subfield code="y">2022-07-26 03:15:16 Europe/Berlin</subfield>
    <subfield code="w">2022-07-05 10:15:25 Europe/Berlin</subfield>
    <subfield code="D">https://eu04.alma.exlibrisgroup.com/view/uresolver/49HBZ_NETWORK/openurl?u.ignore_date_coverage=true&amp;portfolio_pid=53137417580006464&amp;Force_direct=true</subfield>
    <subfield code="v">NON_SFX_CREATOR</subfield>
    <subfield code="z">2022-07-05 08:15:25</subfield>
    <subfield code="n"> Available from 1996 volume: 16.</subfield>
    <subfield code="i">true</subfield>
    <subfield code="S">62136605040006464</subfield>
    <subfield code="d">https://hbz-network.userservices.exlibrisgroup.com/view/uresolver/49HBZ_NETWORK/openurl?u.ignore_date_coverage=true&amp;rft.mms_id=99381829355006464</subfield>
    <subfield code="b">Available</subfield>
    <subfield code="f">JOURNAL</subfield>
    <subfield code="8">53137417580006464</subfield>
  </datafield>
  <datafield tag="POC" ind1=" " ind2=" ">
    <subfield code="a">53137417580006464</subfield>
    <subfield code="b">1996</subfield>
    <subfield code="d">1</subfield>
    <subfield code="f">1</subfield>
    <subfield code="h">16</subfield>
  </datafield>
  <datafield tag="POR" ind1=" " ind2=" ">
    <subfield code="j">EBSCOhost</subfield>
    <subfield code="x">System</subfield>
    <subfield code="a">53149555660006464</subfield>
    <subfield code="h">EZProxy</subfield>
    <subfield code="M">49HBZ_FUH</subfield>
    <subfield code="p">61149360450006464</subfield>
    <subfield code="q">EBSCOhost DACH Information</subfield>
    <subfield code="c">param</subfield>
    <subfield code="o">615470000000001038</subfield>
    <subfield code="y">2023-02-28 08:16:05 Europe/Berlin</subfield>
    <subfield code="w">2023-02-28 08:16:05 Europe/Berlin</subfield>
    <subfield code="D">https://eu04.alma.exlibrisgroup.com/view/uresolver/49HBZ_NETWORK/openurl?u.ignore_date_coverage=true&amp;portfolio_pid=53149555660006464&amp;Force_direct=true</subfield>
    <subfield code="v">System</subfield>
    <subfield code="z">2023-02-28 07:16:05</subfield>
    <subfield code="n"> Available from 01/07/2004.</subfield>
    <subfield code="i">true</subfield>
    <subfield code="S">62149360440006464</subfield>
    <subfield code="d">https://hbz-network.userservices.exlibrisgroup.com/view/uresolver/49HBZ_NETWORK/openurl?u.ignore_date_coverage=true&amp;rft.mms_id=99381829355006464</subfield>
    <subfield code="b">Available</subfield>
    <subfield code="f">JOURNAL</subfield>
    <subfield code="8">53149555660006464</subfield>
  </datafield>
  <datafield tag="POC" ind1=" " ind2=" ">
    <subfield code="a">53149555660006464</subfield>
    <subfield code="b">2004</subfield>
    <subfield code="d">7</subfield>
    <subfield code="f">1</subfield>
  </datafield>
  <datafield tag="POR" ind1=" " ind2=" ">
    <subfield code="j">Ezb</subfield>
    <subfield code="x">System</subfield>
    <subfield code="a">53141137810006464</subfield>
    <subfield code="h">EZProxy</subfield>
    <subfield code="M">49HBZ_FUH</subfield>
    <subfield code="p">61136607210006464</subfield>
    <subfield code="q">EZB-FREE-00999 freely available EZB journals</subfield>
    <subfield code="c">param</subfield>
    <subfield code="o">615280000000001088</subfield>
    <subfield code="y">2022-07-05 10:29:56 Europe/Berlin</subfield>
    <subfield code="w">2022-07-05 10:29:51 Europe/Berlin</subfield>
    <subfield code="D">https://eu04.alma.exlibrisgroup.com/view/uresolver/49HBZ_NETWORK/openurl?u.ignore_date_coverage=true&amp;portfolio_pid=53141137810006464&amp;Force_direct=true</subfield>
    <subfield code="v">NON_SFX_CREATOR</subfield>
    <subfield code="z">2022-07-05 08:29:51</subfield>
    <subfield code="n"> Available from 2022 volume: 42 issue: 1.</subfield>
    <subfield code="i">true</subfield>
    <subfield code="S">62136607200006464</subfield>
    <subfield code="d">https://hbz-network.userservices.exlibrisgroup.com/view/uresolver/49HBZ_NETWORK/openurl?u.ignore_date_coverage=true&amp;rft.mms_id=99381829355006464</subfield>
    <subfield code="b">Available</subfield>
    <subfield code="f">JOURNAL</subfield>
    <subfield code="8">53141137810006464</subfield>
  </datafield>
  <datafield tag="POC" ind1=" " ind2=" ">
    <subfield code="a">53141137810006464</subfield>
    <subfield code="b">2022</subfield>
    <subfield code="d">1</subfield>
    <subfield code="f">1</subfield>
    <subfield code="h">42</subfield>
    <subfield code="j">1</subfield>
  </datafield>
  <datafield tag="POR" ind1=" " ind2=" ">
    <subfield code="j">Walter De Gruyter Publishing</subfield>
    <subfield code="x">System</subfield>
    <subfield code="a">53153104540006464</subfield>
    <subfield code="h">DEFAULT</subfield>
    <subfield code="M">49HBZ_FUH</subfield>
    <subfield code="p">61153020390006464</subfield>
    <subfield code="q">Konvolut B (Read Only) 2023</subfield>
    <subfield code="c">param</subfield>
    <subfield code="o">615410000000003144</subfield>
    <subfield code="y">2023-07-26 11:26:40 Europe/Berlin</subfield>
    <subfield code="w">2023-07-26 11:26:40 Europe/Berlin</subfield>
    <subfield code="D">https://eu04.alma.exlibrisgroup.com/view/uresolver/49HBZ_NETWORK/openurl?u.ignore_date_coverage=true&amp;portfolio_pid=53153104540006464&amp;Force_direct=true</subfield>
    <subfield code="v">System</subfield>
    <subfield code="z">2023-07-26 09:26:40</subfield>
    <subfield code="n"> Available from 01/03/1996 volume: 16.</subfield>
    <subfield code="i">true</subfield>
    <subfield code="t">FUHA-4594</subfield>
    <subfield code="S">62153020380006464</subfield>
    <subfield code="d">https://hbz-network.userservices.exlibrisgroup.com/view/uresolver/49HBZ_NETWORK/openurl?u.ignore_date_coverage=true&amp;rft.mms_id=99381829355006464</subfield>
    <subfield code="b">Available</subfield>
    <subfield code="f">JOURNAL</subfield>
    <subfield code="8">53153104540006464</subfield>
  </datafield>
  <datafield tag="POC" ind1=" " ind2=" ">
    <subfield code="a">53153104540006464</subfield>
    <subfield code="b">1996</subfield>
    <subfield code="d">3</subfield>
    <subfield code="f">1</subfield>
    <subfield code="h">16</subfield>
  </datafield>
  <datafield tag="POR" ind1=" " ind2=" ">
    <subfield code="j">Walter De Gruyter Publishing</subfield>
    <subfield code="x">System</subfield>
    <subfield code="a">53137729250006464</subfield>
    <subfield code="h">EZProxy</subfield>
    <subfield code="M">49HBZ_FUH</subfield>
    <subfield code="p">61136605770006464</subfield>
    <subfield code="q">EZB-NALFK-00448 Walter de Gruyter Online-Zeitschriften LLH1 AL</subfield>
    <subfield code="c">param</subfield>
    <subfield code="o">613790000000000582</subfield>
    <subfield code="y">2022-07-05 10:16:38 Europe/Berlin</subfield>
    <subfield code="w">2022-07-05 10:16:35 Europe/Berlin</subfield>
    <subfield code="D">https://eu04.alma.exlibrisgroup.com/view/uresolver/49HBZ_NETWORK/openurl?u.ignore_date_coverage=true&amp;portfolio_pid=53137729250006464&amp;Force_direct=true</subfield>
    <subfield code="v">NON_SFX_CREATOR</subfield>
    <subfield code="z">2022-07-05 08:16:35</subfield>
    <subfield code="n"> Available from 1996 volume: 16.</subfield>
    <subfield code="i">true</subfield>
    <subfield code="S">62136605760006464</subfield>
    <subfield code="d">https://hbz-network.userservices.exlibrisgroup.com/view/uresolver/49HBZ_NETWORK/openurl?u.ignore_date_coverage=true&amp;rft.mms_id=99381829355006464</subfield>
    <subfield code="b">Available</subfield>
    <subfield code="f">JOURNAL</subfield>
    <subfield code="8">53137729250006464</subfield>
  </datafield>
  <datafield tag="POC" ind1=" " ind2=" ">
    <subfield code="a">53137729250006464</subfield>
    <subfield code="b">1996</subfield>
    <subfield code="d">1</subfield>
    <subfield code="f">1</subfield>
    <subfield code="h">16</subfield>
  </datafield>
  <datafield tag="POR" ind1=" " ind2=" ">
    <subfield code="j">Walter De Gruyter Publishing</subfield>
    <subfield code="x">System</subfield>
    <subfield code="a">5385583960006444</subfield>
    <subfield code="M">49HBZ_FHA</subfield>
    <subfield code="p">6185052910006444</subfield>
    <subfield code="r">DEGRUYTER</subfield>
    <subfield code="q">de Gruyter Zeitschriften-Archiv</subfield>
    <subfield code="c">param</subfield>
    <subfield code="o">613790000000000573</subfield>
    <subfield code="y">2022-07-11 01:13:42 Europe/Berlin</subfield>
    <subfield code="w">2021-04-20 18:50:16 Europe/Berlin</subfield>
    <subfield code="D">https://eu04.alma.exlibrisgroup.com/view/uresolver/49HBZ_NETWORK/openurl?u.ignore_date_coverage=true&amp;portfolio_pid=5385583960006444&amp;Force_direct=true</subfield>
    <subfield code="s">De Gruyter AGB</subfield>
    <subfield code="v">NON_SFX_CREATOR</subfield>
    <subfield code="z">2021-04-20 16:50:16</subfield>
    <subfield code="n"> Available from 1996 volume: 16.</subfield>
    <subfield code="i">false</subfield>
    <subfield code="S">6285052900006444</subfield>
    <subfield code="d">https://hbz-network.userservices.exlibrisgroup.com/view/uresolver/49HBZ_NETWORK/openurl?u.ignore_date_coverage=true&amp;rft.mms_id=991005821828906444</subfield>
    <subfield code="b">Available</subfield>
    <subfield code="f">JOURNAL</subfield>
    <subfield code="8">5385583960006444</subfield>
  </datafield>
  <datafield tag="POC" ind1=" " ind2=" ">
    <subfield code="a">5385583960006444</subfield>
    <subfield code="b">1996</subfield>
    <subfield code="d">1</subfield>
    <subfield code="f">1</subfield>
    <subfield code="h">16</subfield>
  </datafield>
  <datafield tag="POR" ind1=" " ind2=" ">
    <subfield code="j">Walter De Gruyter Publishing</subfield>
    <subfield code="x">System</subfield>
    <subfield code="a">5324315100006450</subfield>
    <subfield code="M">49HBZ_HBI</subfield>
    <subfield code="p">6122543470006450</subfield>
    <subfield code="q">EZB-NALIG-00476 Walter de Gruyter Online-Zeitschriften Archiv NL</subfield>
    <subfield code="c">param</subfield>
    <subfield code="o">613790000000000573</subfield>
    <subfield code="y">2022-07-17 16:50:44 Europe/Berlin</subfield>
    <subfield code="w">2022-07-17 16:50:39 Europe/Berlin</subfield>
    <subfield code="D">https://eu04.alma.exlibrisgroup.com/view/uresolver/49HBZ_NETWORK/openurl?u.ignore_date_coverage=true&amp;portfolio_pid=5324315100006450&amp;Force_direct=true</subfield>
    <subfield code="v">NON_SFX_CREATOR</subfield>
    <subfield code="z">2022-07-17 14:50:39</subfield>
    <subfield code="n"> Available from 1996 volume: 16.</subfield>
    <subfield code="i">false</subfield>
    <subfield code="S">6222543460006450</subfield>
    <subfield code="d">https://hbz-network.userservices.exlibrisgroup.com/view/uresolver/49HBZ_NETWORK/openurl?u.ignore_date_coverage=true&amp;rft.mms_id=991005482849106450</subfield>
    <subfield code="b">Available</subfield>
    <subfield code="f">JOURNAL</subfield>
    <subfield code="8">5324315100006450</subfield>
  </datafield>
  <datafield tag="POC" ind1=" " ind2=" ">
    <subfield code="a">5324315100006450</subfield>
    <subfield code="b">1996</subfield>
    <subfield code="d">1</subfield>
    <subfield code="f">1</subfield>
    <subfield code="h">16</subfield>
  </datafield>
  <datafield tag="POR" ind1=" " ind2=" ">
    <subfield code="j">EBSCOhost</subfield>
    <subfield code="x">System</subfield>
    <subfield code="a">5318214380006454</subfield>
    <subfield code="M">49HBZ_HBO</subfield>
    <subfield code="p">6118194660006454</subfield>
    <subfield code="q">EBSCOhost DACH Information</subfield>
    <subfield code="c">param</subfield>
    <subfield code="o">615470000000001038</subfield>
    <subfield code="y">2023-04-14 15:30:45 Europe/Berlin</subfield>
    <subfield code="w">2023-04-14 15:29:41 Europe/Berlin</subfield>
    <subfield code="D">https://eu04.alma.exlibrisgroup.com/view/uresolver/49HBZ_NETWORK/openurl?u.ignore_date_coverage=true&amp;portfolio_pid=5318214380006454&amp;Force_direct=true</subfield>
    <subfield code="v">System</subfield>
    <subfield code="z">2023-04-14 13:29:41</subfield>
    <subfield code="n"> Available from 01/07/2004.</subfield>
    <subfield code="i">false</subfield>
    <subfield code="t">2023-1383</subfield>
    <subfield code="S">6218205230006454</subfield>
    <subfield code="d">https://hbz-network.userservices.exlibrisgroup.com/view/uresolver/49HBZ_NETWORK/openurl?u.ignore_date_coverage=true&amp;rft.mms_id=991000410720206454</subfield>
    <subfield code="b">Available</subfield>
    <subfield code="f">JOURNAL</subfield>
    <subfield code="8">5318214380006454</subfield>
  </datafield>
  <datafield tag="POC" ind1=" " ind2=" ">
    <subfield code="a">5318214380006454</subfield>
    <subfield code="b">2004</subfield>
    <subfield code="d">7</subfield>
    <subfield code="f">1</subfield>
  </datafield>
  <datafield tag="POR" ind1=" " ind2=" ">
    <subfield code="j">Walter De Gruyter Publishing</subfield>
    <subfield code="x">System</subfield>
    <subfield code="a">5337268030006455</subfield>
    <subfield code="h">DEFAULT</subfield>
    <subfield code="M">49HBZ_HSD</subfield>
    <subfield code="p">6136672380006455</subfield>
    <subfield code="q">EZB-NALIG-00476 Walter de Gruyter Online-Zeitschriften Archiv NL</subfield>
    <subfield code="c">param</subfield>
    <subfield code="o">613790000000000573</subfield>
    <subfield code="y">2022-08-09 16:02:12 Europe/Berlin</subfield>
    <subfield code="w">2022-08-09 16:02:07 Europe/Berlin</subfield>
    <subfield code="D">https://eu04.alma.exlibrisgroup.com/view/uresolver/49HBZ_NETWORK/openurl?u.ignore_date_coverage=true&amp;portfolio_pid=5337268030006455&amp;Force_direct=true</subfield>
    <subfield code="v">NON_SFX_CREATOR</subfield>
    <subfield code="z">2022-08-09 14:02:07</subfield>
    <subfield code="n"> Available from 1996 volume: 16.</subfield>
    <subfield code="i">true</subfield>
    <subfield code="S">6236672370006455</subfield>
    <subfield code="d">https://hbz-network.userservices.exlibrisgroup.com/view/uresolver/49HBZ_NETWORK/openurl?u.ignore_date_coverage=true&amp;rft.mms_id=991005617479506455</subfield>
    <subfield code="b">Available</subfield>
    <subfield code="f">JOURNAL</subfield>
    <subfield code="8">5337268030006455</subfield>
  </datafield>
  <datafield tag="POC" ind1=" " ind2=" ">
    <subfield code="a">5337268030006455</subfield>
    <subfield code="b">1996</subfield>
    <subfield code="d">1</subfield>
    <subfield code="f">1</subfield>
    <subfield code="h">16</subfield>
  </datafield>
  <datafield tag="POR" ind1=" " ind2=" ">
    <subfield code="j">Walter De Gruyter Publishing</subfield>
    <subfield code="x">System</subfield>
    <subfield code="a">5349662860008056</subfield>
    <subfield code="h">DEFAULT</subfield>
    <subfield code="M">49HBZ_HSN</subfield>
    <subfield code="p">6149245020008056</subfield>
    <subfield code="q">EZB-NALIG-00476 Walter de Gruyter Online-Zeitschriften Archiv NL</subfield>
    <subfield code="c">param</subfield>
    <subfield code="o">613790000000000573</subfield>
    <subfield code="y">2023-07-25 17:44:12 Europe/Berlin</subfield>
    <subfield code="w">2023-07-25 17:43:58 Europe/Berlin</subfield>
    <subfield code="D">https://eu04.alma.exlibrisgroup.com/view/uresolver/49HBZ_NETWORK/openurl?u.ignore_date_coverage=true&amp;portfolio_pid=5349662860008056&amp;Force_direct=true</subfield>
    <subfield code="v">NON_SFX_CREATOR</subfield>
    <subfield code="z">2023-07-25 15:43:58</subfield>
    <subfield code="n"> Available from 1996 volume: 16.</subfield>
    <subfield code="i">true</subfield>
    <subfield code="S">6249245010008056</subfield>
    <subfield code="d">https://hbz-network.userservices.exlibrisgroup.com/view/uresolver/49HBZ_NETWORK/openurl?u.ignore_date_coverage=true&amp;rft.mms_id=991008986786508056</subfield>
    <subfield code="b">Available</subfield>
    <subfield code="f">JOURNAL</subfield>
    <subfield code="8">5349662860008056</subfield>
  </datafield>
  <datafield tag="POC" ind1=" " ind2=" ">
    <subfield code="a">5349662860008056</subfield>
    <subfield code="b">1996</subfield>
    <subfield code="d">1</subfield>
    <subfield code="f">1</subfield>
    <subfield code="h">16</subfield>
  </datafield>
  <datafield tag="POR" ind1=" " ind2=" ">
    <subfield code="j">Walter De Gruyter Publishing</subfield>
    <subfield code="x">System</subfield>
    <subfield code="a">5340938590006468</subfield>
    <subfield code="M">49HBZ_OWL</subfield>
    <subfield code="p">6140783320006468</subfield>
    <subfield code="q">EZB-NALIG-00476 Walter de Gruyter Online-Zeitschriften Archiv NL</subfield>
    <subfield code="c">param</subfield>
    <subfield code="o">613790000000000573</subfield>
    <subfield code="y">2023-07-18 17:25:23 Europe/Berlin</subfield>
    <subfield code="w">2023-07-18 17:25:11 Europe/Berlin</subfield>
    <subfield code="D">https://eu04.alma.exlibrisgroup.com/view/uresolver/49HBZ_NETWORK/openurl?u.ignore_date_coverage=true&amp;portfolio_pid=5340938590006468&amp;Force_direct=true</subfield>
    <subfield code="v">NON_SFX_CREATOR</subfield>
    <subfield code="z">2023-07-18 15:25:11</subfield>
    <subfield code="n"> Available from 1996 volume: 16.</subfield>
    <subfield code="i">false</subfield>
    <subfield code="S">6240783310006468</subfield>
    <subfield code="d">https://hbz-network.userservices.exlibrisgroup.com/view/uresolver/49HBZ_NETWORK/openurl?u.ignore_date_coverage=true&amp;rft.mms_id=991004336005906468</subfield>
    <subfield code="b">Available</subfield>
    <subfield code="f">JOURNAL</subfield>
    <subfield code="8">5340938590006468</subfield>
  </datafield>
  <datafield tag="POC" ind1=" " ind2=" ">
    <subfield code="a">5340938590006468</subfield>
    <subfield code="b">1996</subfield>
    <subfield code="d">1</subfield>
    <subfield code="f">1</subfield>
    <subfield code="h">16</subfield>
  </datafield>
  <datafield tag="POR" ind1=" " ind2=" ">
    <subfield code="j">Walter De Gruyter Publishing</subfield>
    <subfield code="x">System</subfield>
    <subfield code="a">5319401000006479</subfield>
    <subfield code="h">DEFAULT</subfield>
    <subfield code="M">49HBZ_RHW</subfield>
    <subfield code="p">6118025680006479</subfield>
    <subfield code="q">EZB-NALIG-00476 Walter de Gruyter Online-Zeitschriften Archiv NL</subfield>
    <subfield code="c">param</subfield>
    <subfield code="o">613790000000000573</subfield>
    <subfield code="y">2023-08-14 15:52:28 Europe/Berlin</subfield>
    <subfield code="w">2023-08-14 15:52:16 Europe/Berlin</subfield>
    <subfield code="D">https://eu04.alma.exlibrisgroup.com/view/uresolver/49HBZ_NETWORK/openurl?u.ignore_date_coverage=true&amp;portfolio_pid=5319401000006479&amp;Force_direct=true</subfield>
    <subfield code="v">NON_SFX_CREATOR</subfield>
    <subfield code="z">2023-08-14 13:52:16</subfield>
    <subfield code="n"> Available from 1996 volume: 16.</subfield>
    <subfield code="i">true</subfield>
    <subfield code="S">6218025670006479</subfield>
    <subfield code="d">https://hbz-network.userservices.exlibrisgroup.com/view/uresolver/49HBZ_NETWORK/openurl?u.ignore_date_coverage=true&amp;rft.mms_id=991002750769406479</subfield>
    <subfield code="b">Available</subfield>
    <subfield code="f">JOURNAL</subfield>
    <subfield code="8">5319401000006479</subfield>
  </datafield>
  <datafield tag="POC" ind1=" " ind2=" ">
    <subfield code="a">5319401000006479</subfield>
    <subfield code="b">1996</subfield>
    <subfield code="d">1</subfield>
    <subfield code="f">1</subfield>
    <subfield code="h">16</subfield>
  </datafield>
  <datafield tag="POR" ind1=" " ind2=" ">
    <subfield code="j">Walter De Gruyter Publishing</subfield>
    <subfield code="x">System</subfield>
    <subfield code="a">5319505870006479</subfield>
    <subfield code="h">DEFAULT</subfield>
    <subfield code="M">49HBZ_RHW</subfield>
    <subfield code="p">6119507160006479</subfield>
    <subfield code="q">De Gruyter journals</subfield>
    <subfield code="c">param</subfield>
    <subfield code="o">61110974475531562</subfield>
    <subfield code="y">2023-08-16 15:25:06 Europe/Berlin</subfield>
    <subfield code="w">2023-08-16 15:25:06 Europe/Berlin</subfield>
    <subfield code="D">https://eu04.alma.exlibrisgroup.com/view/uresolver/49HBZ_NETWORK/openurl?u.ignore_date_coverage=true&amp;portfolio_pid=5319505870006479&amp;Force_direct=true</subfield>
    <subfield code="v">NON_SFX_CREATOR</subfield>
    <subfield code="z">2023-08-16 13:25:06</subfield>
    <subfield code="n"> Available from 1996 volume: 16 issue: 1.</subfield>
    <subfield code="i">true</subfield>
    <subfield code="S">6219507150006479</subfield>
    <subfield code="d">https://hbz-network.userservices.exlibrisgroup.com/view/uresolver/49HBZ_NETWORK/openurl?u.ignore_date_coverage=true&amp;rft.mms_id=991002750769406479</subfield>
    <subfield code="b">Available</subfield>
    <subfield code="f">JOURNAL</subfield>
    <subfield code="8">5319505870006479</subfield>
  </datafield>
  <datafield tag="POC" ind1=" " ind2=" ">
    <subfield code="a">5319505870006479</subfield>
    <subfield code="b">1996</subfield>
    <subfield code="d">1</subfield>
    <subfield code="f">1</subfield>
    <subfield code="h">16</subfield>
    <subfield code="j">1</subfield>
  </datafield>
  <datafield tag="POR" ind1=" " ind2=" ">
    <subfield code="j">Walter De Gruyter Publishing</subfield>
    <subfield code="x">System</subfield>
    <subfield code="a">53101634200006483</subfield>
    <subfield code="h">DEFAULT</subfield>
    <subfield code="M">49HBZ_EVH</subfield>
    <subfield code="p">61101322420006483</subfield>
    <subfield code="q">EZB-NALIG-00476 Walter de Gruyter Online-Zeitschriften Archiv NL</subfield>
    <subfield code="c">param</subfield>
    <subfield code="o">613790000000000573</subfield>
    <subfield code="y">2023-08-17 15:42:55 Europe/Berlin</subfield>
    <subfield code="w">2023-08-17 15:42:41 Europe/Berlin</subfield>
    <subfield code="D">https://eu04.alma.exlibrisgroup.com/view/uresolver/49HBZ_NETWORK/openurl?u.ignore_date_coverage=true&amp;portfolio_pid=53101634200006483&amp;Force_direct=true</subfield>
    <subfield code="v">NON_SFX_CREATOR</subfield>
    <subfield code="z">2023-08-17 13:42:41</subfield>
    <subfield code="n"> Available from 1996 volume: 16.</subfield>
    <subfield code="i">true</subfield>
    <subfield code="S">62101322410006483</subfield>
    <subfield code="d">https://hbz-network.userservices.exlibrisgroup.com/view/uresolver/49HBZ_NETWORK/openurl?u.ignore_date_coverage=true&amp;rft.mms_id=991001317956106483</subfield>
    <subfield code="b">Available</subfield>
    <subfield code="f">JOURNAL</subfield>
    <subfield code="8">53101634200006483</subfield>
  </datafield>
  <datafield tag="POC" ind1=" " ind2=" ">
    <subfield code="a">53101634200006483</subfield>
    <subfield code="b">1996</subfield>
    <subfield code="d">1</subfield>
    <subfield code="f">1</subfield>
    <subfield code="h">16</subfield>
  </datafield>
  <datafield tag="POR" ind1=" " ind2=" ">
    <subfield code="j">Walter De Gruyter Publishing</subfield>
    <subfield code="x">System</subfield>
    <subfield code="a">5323323830006453</subfield>
    <subfield code="h">DEFAULT</subfield>
    <subfield code="M">49HBZ_RUW</subfield>
    <subfield code="p">6122720980006453</subfield>
    <subfield code="q">EZB-NALIG-00476 Walter de Gruyter Online-Zeitschriften Archiv NL</subfield>
    <subfield code="c">param</subfield>
    <subfield code="o">613790000000000573</subfield>
    <subfield code="y">2022-07-17 12:57:46 Europe/Berlin</subfield>
    <subfield code="w">2022-07-17 12:57:40 Europe/Berlin</subfield>
    <subfield code="D">https://eu04.alma.exlibrisgroup.com/view/uresolver/49HBZ_NETWORK/openurl?u.ignore_date_coverage=true&amp;portfolio_pid=5323323830006453&amp;Force_direct=true</subfield>
    <subfield code="v">NON_SFX_CREATOR</subfield>
    <subfield code="z">2022-07-17 10:57:40</subfield>
    <subfield code="n"> Available from 1996 volume: 16.</subfield>
    <subfield code="i">true</subfield>
    <subfield code="S">6222720970006453</subfield>
    <subfield code="d">https://hbz-network.userservices.exlibrisgroup.com/view/uresolver/49HBZ_NETWORK/openurl?u.ignore_date_coverage=true&amp;rft.mms_id=991004112696706453</subfield>
    <subfield code="b">Available</subfield>
    <subfield code="f">JOURNAL</subfield>
    <subfield code="8">5323323830006453</subfield>
  </datafield>
  <datafield tag="POC" ind1=" " ind2=" ">
    <subfield code="a">5323323830006453</subfield>
    <subfield code="b">1996</subfield>
    <subfield code="d">1</subfield>
    <subfield code="f">1</subfield>
    <subfield code="h">16</subfield>
  </datafield>
  <datafield tag="POR" ind1=" " ind2=" ">
    <subfield code="j">Walter De Gruyter Publishing</subfield>
    <subfield code="x">System</subfield>
    <subfield code="a">5320046120006481</subfield>
    <subfield code="M">49HBZ_HGB</subfield>
    <subfield code="p">6119709790006481</subfield>
    <subfield code="q">EZB-NALIG-00476 Walter de Gruyter Online-Zeitschriften Archiv NL</subfield>
    <subfield code="c">param</subfield>
    <subfield code="o">613790000000000573</subfield>
    <subfield code="y">2023-07-17 18:13:38 Europe/Berlin</subfield>
    <subfield code="w">2023-07-17 18:13:30 Europe/Berlin</subfield>
    <subfield code="D">https://eu04.alma.exlibrisgroup.com/view/uresolver/49HBZ_NETWORK/openurl?u.ignore_date_coverage=true&amp;portfolio_pid=5320046120006481&amp;Force_direct=true</subfield>
    <subfield code="v">NON_SFX_CREATOR</subfield>
    <subfield code="z">2023-07-17 16:13:30</subfield>
    <subfield code="n"> Available from 1996 volume: 16.</subfield>
    <subfield code="i">false</subfield>
    <subfield code="S">6219709780006481</subfield>
    <subfield code="d">https://hbz-network.userservices.exlibrisgroup.com/view/uresolver/49HBZ_NETWORK/openurl?u.ignore_date_coverage=true&amp;rft.mms_id=991000893367206481</subfield>
    <subfield code="b">Available</subfield>
    <subfield code="f">JOURNAL</subfield>
    <subfield code="8">5320046120006481</subfield>
  </datafield>
  <datafield tag="POC" ind1=" " ind2=" ">
    <subfield code="a">5320046120006481</subfield>
    <subfield code="b">1996</subfield>
    <subfield code="d">1</subfield>
    <subfield code="f">1</subfield>
    <subfield code="h">16</subfield>
  </datafield>
  <datafield tag="POR" ind1=" " ind2=" ">
    <subfield code="j">Walter De Gruyter Publishing</subfield>
    <subfield code="x">System</subfield>
    <subfield code="a">5320026740006481</subfield>
    <subfield code="M">49HBZ_HGB</subfield>
    <subfield code="p">6119710090006481</subfield>
    <subfield code="q">EZB-NALFK-00448 Walter de Gruyter Online-Zeitschriften LLH1 AL</subfield>
    <subfield code="c">param</subfield>
    <subfield code="o">613790000000000582</subfield>
    <subfield code="y">2023-07-17 18:13:21 Europe/Berlin</subfield>
    <subfield code="w">2023-07-17 18:13:16 Europe/Berlin</subfield>
    <subfield code="D">https://eu04.alma.exlibrisgroup.com/view/uresolver/49HBZ_NETWORK/openurl?u.ignore_date_coverage=true&amp;portfolio_pid=5320026740006481&amp;Force_direct=true</subfield>
    <subfield code="v">NON_SFX_CREATOR</subfield>
    <subfield code="z">2023-07-17 16:13:16</subfield>
    <subfield code="n"> Available from 1996 volume: 16.</subfield>
    <subfield code="i">false</subfield>
    <subfield code="S">6219710080006481</subfield>
    <subfield code="d">https://hbz-network.userservices.exlibrisgroup.com/view/uresolver/49HBZ_NETWORK/openurl?u.ignore_date_coverage=true&amp;rft.mms_id=991000893367206481</subfield>
    <subfield code="b">Available</subfield>
    <subfield code="f">JOURNAL</subfield>
    <subfield code="8">5320026740006481</subfield>
  </datafield>
  <datafield tag="POC" ind1=" " ind2=" ">
    <subfield code="a">5320026740006481</subfield>
    <subfield code="b">1996</subfield>
    <subfield code="d">1</subfield>
    <subfield code="f">1</subfield>
    <subfield code="h">16</subfield>
  </datafield>
  <datafield tag="POR" ind1=" " ind2=" ">
    <subfield code="j">Walter De Gruyter Publishing</subfield>
    <subfield code="x">System</subfield>
    <subfield code="a">5352678550006477</subfield>
    <subfield code="M">49HBZ_THK</subfield>
    <subfield code="p">6151427470006477</subfield>
    <subfield code="q">EZB-NALIG-00476 Walter de Gruyter Online-Zeitschriften Archiv NL</subfield>
    <subfield code="c">param</subfield>
    <subfield code="o">613790000000000573</subfield>
    <subfield code="y">2023-08-17 23:20:13 Europe/Berlin</subfield>
    <subfield code="w">2023-08-17 23:19:55 Europe/Berlin</subfield>
    <subfield code="D">https://eu04.alma.exlibrisgroup.com/view/uresolver/49HBZ_NETWORK/openurl?u.ignore_date_coverage=true&amp;portfolio_pid=5352678550006477&amp;Force_direct=true</subfield>
    <subfield code="v">NON_SFX_CREATOR</subfield>
    <subfield code="z">2023-08-17 21:19:55</subfield>
    <subfield code="n"> Available from 1996 volume: 16.</subfield>
    <subfield code="i">false</subfield>
    <subfield code="S">6251427460006477</subfield>
    <subfield code="d">https://hbz-network.userservices.exlibrisgroup.com/view/uresolver/49HBZ_NETWORK/openurl?u.ignore_date_coverage=true&amp;rft.mms_id=991008476427206477</subfield>
    <subfield code="b">Available</subfield>
    <subfield code="f">JOURNAL</subfield>
    <subfield code="8">5352678550006477</subfield>
  </datafield>
  <datafield tag="POC" ind1=" " ind2=" ">
    <subfield code="a">5352678550006477</subfield>
    <subfield code="b">1996</subfield>
    <subfield code="d">1</subfield>
    <subfield code="f">1</subfield>
    <subfield code="h">16</subfield>
  </datafield>
  <datafield tag="POR" ind1=" " ind2=" ">
    <subfield code="j">Walter De Gruyter Publishing</subfield>
    <subfield code="x">System</subfield>
    <subfield code="a">5396251040006462</subfield>
    <subfield code="M">49HBZ_SIE</subfield>
    <subfield code="p">6196029610006462</subfield>
    <subfield code="q">De Gruyter Zeitschriften (Archiv)</subfield>
    <subfield code="c">param</subfield>
    <subfield code="o">613790000000000573</subfield>
    <subfield code="y">2022-07-11 18:32:56 Europe/Berlin</subfield>
    <subfield code="w">2022-07-11 18:32:51 Europe/Berlin</subfield>
    <subfield code="D">https://eu04.alma.exlibrisgroup.com/view/uresolver/49HBZ_NETWORK/openurl?u.ignore_date_coverage=true&amp;portfolio_pid=5396251040006462&amp;Force_direct=true</subfield>
    <subfield code="v">NON_SFX_CREATOR</subfield>
    <subfield code="z">2022-07-11 16:32:51</subfield>
    <subfield code="n"> Available from 1996 volume: 16.</subfield>
    <subfield code="i">false</subfield>
    <subfield code="S">6296029600006462</subfield>
    <subfield code="d">https://hbz-network.userservices.exlibrisgroup.com/view/uresolver/49HBZ_NETWORK/openurl?u.ignore_date_coverage=true&amp;rft.mms_id=99204507541206462</subfield>
    <subfield code="b">Available</subfield>
    <subfield code="f">JOURNAL</subfield>
    <subfield code="8">5396251040006462</subfield>
  </datafield>
  <datafield tag="POC" ind1=" " ind2=" ">
    <subfield code="a">5396251040006462</subfield>
    <subfield code="b">1996</subfield>
    <subfield code="d">1</subfield>
    <subfield code="f">1</subfield>
    <subfield code="h">16</subfield>
  </datafield>
  <datafield tag="POR" ind1=" " ind2=" ">
    <subfield code="j">Walter De Gruyter Publishing</subfield>
    <subfield code="x">System</subfield>
    <subfield code="a">53109067080006462</subfield>
    <subfield code="M">49HBZ_SIE</subfield>
    <subfield code="p">61109090170006462</subfield>
    <subfield code="q">De Gruyter HSS Journals Konvolut B</subfield>
    <subfield code="c">param</subfield>
    <subfield code="o">615410000000003144</subfield>
    <subfield code="y">2023-05-02 09:52:29 Europe/Berlin</subfield>
    <subfield code="w">2023-05-02 09:52:29 Europe/Berlin</subfield>
    <subfield code="D">https://eu04.alma.exlibrisgroup.com/view/uresolver/49HBZ_NETWORK/openurl?u.ignore_date_coverage=true&amp;portfolio_pid=53109067080006462&amp;Force_direct=true</subfield>
    <subfield code="v">System</subfield>
    <subfield code="z">2023-05-02 07:52:29</subfield>
    <subfield code="n"> Available from 01/03/1996 volume: 16.</subfield>
    <subfield code="i">false</subfield>
    <subfield code="S">62109090160006462</subfield>
    <subfield code="d">https://hbz-network.userservices.exlibrisgroup.com/view/uresolver/49HBZ_NETWORK/openurl?u.ignore_date_coverage=true&amp;rft.mms_id=99204507541206462</subfield>
    <subfield code="b">Available</subfield>
    <subfield code="f">JOURNAL</subfield>
    <subfield code="8">53109067080006462</subfield>
  </datafield>
  <datafield tag="POC" ind1=" " ind2=" ">
    <subfield code="a">53109067080006462</subfield>
    <subfield code="b">1996</subfield>
    <subfield code="d">3</subfield>
    <subfield code="f">1</subfield>
    <subfield code="h">16</subfield>
  </datafield>
  <datafield tag="POR" ind1=" " ind2=" ">
    <subfield code="j">Walter De Gruyter Publishing</subfield>
    <subfield code="x">System</subfield>
    <subfield code="a">5317399500006456</subfield>
    <subfield code="M">49HBZ_WHS</subfield>
    <subfield code="p">6117011380006456</subfield>
    <subfield code="q">EZB-NALIG-00476 Walter de Gruyter Online-Zeitschriften Archiv NL</subfield>
    <subfield code="c">param</subfield>
    <subfield code="o">613790000000000573</subfield>
    <subfield code="y">2022-07-14 13:39:09 Europe/Berlin</subfield>
    <subfield code="w">2022-07-14 13:39:03 Europe/Berlin</subfield>
    <subfield code="D">https://eu04.alma.exlibrisgroup.com/view/uresolver/49HBZ_NETWORK/openurl?u.ignore_date_coverage=true&amp;portfolio_pid=5317399500006456&amp;Force_direct=true</subfield>
    <subfield code="v">NON_SFX_CREATOR</subfield>
    <subfield code="z">2022-07-14 11:39:03</subfield>
    <subfield code="n"> Available from 1996 volume: 16.</subfield>
    <subfield code="i">false</subfield>
    <subfield code="S">6217011370006456</subfield>
    <subfield code="d">https://hbz-network.userservices.exlibrisgroup.com/view/uresolver/49HBZ_NETWORK/openurl?u.ignore_date_coverage=true&amp;rft.mms_id=991006477834606456</subfield>
    <subfield code="b">Available</subfield>
    <subfield code="f">JOURNAL</subfield>
    <subfield code="8">5317399500006456</subfield>
  </datafield>
  <datafield tag="POC" ind1=" " ind2=" ">
    <subfield code="a">5317399500006456</subfield>
    <subfield code="b">1996</subfield>
    <subfield code="d">1</subfield>
    <subfield code="f">1</subfield>
    <subfield code="h">16</subfield>
  </datafield>
</record>
